@Book{bib:Entry,
  Title                    = {The Amazing Book of Amazing Books},
  Author                   = {Several Authors, Another Author},
  Publisher                = {Amazing Publishers, Ltd.},
  Year                     = {2017},

  Address                  = {Dublin, Ireland},

  ISBN                     = {111-1-11111-111-7},
  Pages                    = {9001}
}